<?xml version="1.0" encoding="UTF-8"?><collection xmlns="http://www.loc.gov/MARC21/slim"><record><leader>00332nam--2200133-i-4500</leader><controlfield tag="001">000048235</controlfield><controlfield tag="002">20161230</controlfield><controlfield tag="005">20161230201046</controlfield><controlfield tag="008">060222s1000------------r-----000-0-eng-d</controlfield><datafield ind1=" " ind2=" " tag="080"><subfield code="a">669.14.018.8</subfield></datafield><datafield ind1=" " ind2=" " tag="100"><subfield code="a">Zapffe,Carl A</subfield></datafield><datafield ind1=" " ind2=" " tag="245"><subfield code="a">Stainless steels</subfield></datafield><datafield ind1=" " ind2=" " tag="260"><subfield code="a">Cleveland, Ohio, American Soc.For Metals, 1949. 368 P</subfield></datafield><datafield ind1=" " ind2=" " tag="852"><subfield code="a">5138</subfield></datafield></record></collection>